% This file was created with JabRef 2.9.2.
% Encoding: Cp1252

@ARTICLE{Arslan2007,
  author = {Arslan, G{\"u}rdal and Marden, Jason R and Shamma, Jeff S},
  title = {Autonomous vehicle-target assignment: A game-theoretical formulation},
  journal = {Journal of Dynamic Systems, Measurement, and Control},
  year = {2007},
  volume = {129},
  pages = {584--596},
  number = {5},
  publisher = {American Society of Mechanical Engineers}
}

@ARTICLE{Marden2013,
  author = {Marden, Jason R and Wierman, Adam},
  title = {Distributed welfare games},
  journal = {Operations Research},
  year = {2013},
  volume = {61},
  pages = {155--168},
  number = {1},
  publisher = {INFORMS}
}

@INPROCEEDINGS{Marden2008,
  author = {Marden, Jason R and Wierman, Adam},
  title = {Distributed welfare games with applications to sensor coverage},
  booktitle = {Decision and Control, 2008. CDC 2008. 47th IEEE Conference on},
  year = {2008},
  pages = {1708--1713},
  organization = {IEEE}
}

@ARTICLE{Monderer1996,
  author = {Monderer, Dov and Shapley, Lloyd S},
  title = {Potential games},
  journal = {Games and economic behavior},
  year = {1996},
  volume = {14},
  pages = {124--143},
  number = {1},
  publisher = {Elsevier}
}

@INPROCEEDINGS{Vetta2002,
  author = {Vetta, Adrian},
  title = {Nash equilibria in competitive societies, with applications to facility
	location, traffic routing and auctions},
  booktitle = {Foundations of Computer Science, 2002. Proceedings. The 43rd Annual
	IEEE Symposium on},
  year = {2002},
  pages = {416--425},
  organization = {IEEE}
}

